@article{acharyaStableIsotopesPrecipitation2020,
  title = {Stable Isotopes of Precipitation in {{Nepal Himalaya}} Highlight the Topographic Influence on Moisture Transport},
  author = {Acharya, Sunil and Yang, Xiaoxin and Yao, Tandong and Shrestha, Dibas},
  year = {2020},
  journal = {Quaternary International},
  volume = {565},
  pages = {22--30},
  langid = {english}
}

@article{adhikariEvaluationPostExtreme2023,
  title = {Evaluation of Post Extreme Floods in High Mountain Region: {{A}} Case Study of the {{Melamchi}} Flood 2021 \hspace{0pt}at the {{Koshi River Basin}} in {{Nepal}}},
  shorttitle = {Evaluation of Post Extreme Floods in High Mountain Region},
  author = {Adhikari, Tirtha Raj and Baniya, Binod and Tang, Qiuhong and Talchabhadel, Rocky and Gouli, Manish Raj and Budhathoki, Bhumi Raj and Awasthi, Ram Prasad},
  year = {2023},
  journal = {Natural Hazards Research},
  volume = {3},
  number = {3},
  pages = {437--446},
  langid = {english}
}

@article{andermannImpactTransientGroundwater2012,
  title = {Impact of Transient Groundwater Storage on the Discharge of {{Himalayan}} Rivers},
  author = {Andermann, Christoff and Longuevergne, Laurent and Bonnet, St{\'e}phane and Crave, Alain and Davy, Philippe and Gloaguen, Richard},
  year = {2012},
  journal = {Nature Geoscience},
  volume = {5},
  number = {2},
  pages = {127--132},
  copyright = {http://www.springer.com/tdm},
  langid = {english}
}

@book{appeloGeochemistryGroundwaterPollution2010,
  title = {Geochemistry, Groundwater and Pollution},
  author = {Appelo, C. A. J. and Postma, Dieke},
  year = {2010},
  edition = {2nd ed., 5th corr. repr},
  publisher = {{CRC Press}},
  address = {{Boca Raton}},
  isbn = {978-0-415-36421-8 978-0-415-36428-7},
  langid = {english}
}

@phdthesis{atwoodCriticalZoneResponse2023,
  title = {Critical Zone Response to Perturbation: From Mountain Building to Wildfire},
  author = {Atwood, Abra Catherine},
  year = {2023},
  school = {University of Southern California}
}

@article{baniyaClimateChangeInduced2024,
  title = {Climate Change Induced {{Melamchi}} Extreme Flood and Environment Implication in Central {{Himalaya}} of {{Nepal}}},
  author = {Baniya, Binod and Tang, Qiuhong and Adhikari, Tirtha Raj and Zhao, Gang and Haile, Gebremedhin Gebremeskel and Sigdel, Madan and He, Li},
  year = {2024},
  journal = {Natural Hazards},
  volume = {120},
  number = {12},
  pages = {11009--11029},
  langid = {english}
}

@article{benettinLinkingWaterAge2015,
  title = {Linking Water Age and Solute Dynamics in Streamflow at the {{{\textsc{H}}}} Ubbard {{{\textsc{B}}}} Rook {{{\textsc{E}}}} Xperimental {{{\textsc{F}}}} Orest, {{{\textsc{NH}}}} , {{{\textsc{USA}}}}},
  shorttitle = {Linking Water Age and Solute Dynamics in Streamflow at The},
  author = {Benettin, Paolo and Bailey, Scott W. and Campbell, John L. and Green, Mark B. and Rinaldo, Andrea and Likens, Gene E. and McGuire, Kevin J. and Botter, Gianluca},
  year = {2015},
  journal = {Water Resources Research},
  volume = {51},
  number = {11},
  pages = {9256--9272},
  copyright = {http://onlinelibrary.wiley.com/termsAndConditions\#vor},
  langid = {english}
}

@article{bethkeGEOCHEMICALBIOGEOCHEMICALREACTION,
  title = {{{Geochemical and Biogeochemical reaction}}, {{Second Edition}}},
  author = {Bethke, Craig M},
  year = {2011},
  journal = {Cambridge University Press},
}



@article{bernerRateControlMineral1978,
  title = {Rate Control of Mineral Dissolution under Earth Surface Conditions},
  author = {Berner, Robert A.},
  year = {1978},
  journal = {American Journal of Science},
  volume = {278},
  number = {9},
  pages = {1235--1252},
  doi = {10.2475/ajs.278.9.1235},
}




@article{bickleDiscriminationCarbonateSilicate2015,
  title = {On Discrimination between Carbonate and Silicate Inputs to {{Himalayan}} Rivers},
  author = {Bickle, M. J. and Tipper, E. and Galy, A. and Chapman, H. and Harris, N.},
  year = {2015},
  journal = {American Journal of Science},
  volume = {315},
  number = {2},
  pages = {120--166},
  langid = {english}
}

@article{bookhagenCompleteHimalayanHydrological2010,
  title = {Toward a Complete {{Himalayan}} Hydrological Budget: {{Spatiotemporal}} Distribution of Snowmelt and Rainfall and Their Impact on River Discharge},
  shorttitle = {Toward a Complete {{Himalayan}} Hydrological Budget},
  author = {Bookhagen, Bodo and Burbank, Douglas W.},
  year = {2010},
  journal = {Journal of Geophysical Research: Earth Surface},
  volume = {115},
  number = {F3},
  pages = {2009JF001426},
  copyright = {http://onlinelibrary.wiley.com/termsAndConditions\#vor},
  langid = {english}
}

@article{bufeCovariationSilicateCarbonate2021,
  title = {Co-Variation of Silicate, Carbonate and Sulfide Weathering Drives {{CO2}} Release with Erosion},
  author = {Bufe, Aaron and Hovius, Niels and Emberson, Robert and Rugenstein, Jeremy K. C. and Galy, Albert and {Hassenruck-Gudipati}, Hima J. and Chang, Jui-Ming},
  year = {2021},
  journal = {Nature Geoscience},
  volume = {14},
  number = {4},
  pages = {211--216},
  langid = {english}
}

@article{carreraReactiveTransportReview2022,
  title = {Reactive {{Transport}}: {{A Review}} of {{Basic Concepts}} with {{Emphasis}} on {{Biochemical Processes}}},
  shorttitle = {Reactive {{Transport}}},
  author = {Carrera, Jes{\'u}s and Saaltink, Maarten W. and {Soler-Sagarra}, Joaquim and Wang, Jingjing and Valhondo, Cristina},
  year = {2022},
  journal = {Energies},
  volume = {15},
  number = {3},
  pages = {925},
  copyright = {https://creativecommons.org/licenses/by/4.0/},
  langid = {english}
}

@article{chenCoupledFeldsparDissolution2025a,
  title = {Coupled Feldspar Dissolution and Secondary Mineral Precipitation in Batch Systems: 6. {{Labradorite}} Dissolution, Calcite Growth, and Clay Precipitation at 60 {\textdegree}{{C}} and {{pH}} 8.2{\textendash}8.4},
  shorttitle = {Coupled Feldspar Dissolution and Secondary Mineral Precipitation in Batch Systems},
  author = {Chen, Mingkun and Gong, Lei and Schott, Jacques and Lu, Peng and Chen, Kaiyun and Yuan, Honglin and Sun, Jian and Chen, Si Athena and Apps, John and Zhu, Chen},
  year = {2025},
  journal = {Geochimica et Cosmochimica Acta},
  volume = {390},
  pages = {181--198},
  langid = {english}
}

@article{chen2023melamchi,
  title = {The 2021 Melamchi Flood: A Massive Erosional Cascade in the Himalayan Mountains of Central Nepal},
  author = {Chen, Chan-Mao and Hollingsworth, James and Clark, Marin and Zekkos, Dimitrios and Chamlagain, Deepak and Bista, Sujata and Siwakoti, Anuj and West, A. Joshua},
  year = {2023},
}




@article{davidLaboratoryMeasurementCompactioninduced1994,
  title = {Laboratory Measurement of Compaction-Induced Permeability Change in Porous Rocks: {{Implications}} for the Generation and Maintenance of Pore Pressure Excess in the Crust},
  shorttitle = {Laboratory Measurement of Compaction-Induced Permeability Change in Porous Rocks},
  author = {David, Christian and Wong, Teng-Fong and Zhu, Wenlu and Zhang, Jiaxiang},
  year = {1994},
  journal = {pure and applied geophysics},
  volume = {143},
  number = {1-3},
  pages = {425--456},
  copyright = {https://www.springernature.com/gp/researchers/text-and-data-mining},
  langid = {english}
}

@book{dhitalGeologyNepalHimalaya2015,
  title = {Geology of the {{Nepal Himalaya}}},
  author = {Dhital, Megh Raj},
  year = {2015},
  series = {Regional {{Geology Reviews}}},
  publisher = {{Springer International Publishing}},
  address = {{Cham}},
  copyright = {http://www.springer.com/tdm},
  isbn = {978-3-319-02495-0 978-3-319-02496-7},
  langid = {english}
}

@article{druhanInfluenceMixingStable2017,
  title = {The Influence of Mixing on Stable Isotope Ratios in Porous Media: {{A}} Revised {{Rayleigh}} Model},
  shorttitle = {The Influence of Mixing on Stable Isotope Ratios in Porous Media},
  author = {Druhan, Jennifer L. and Maher, Kate},
  year = {2017},
  journal = {Water Resources Research},
  volume = {53},
  number = {2},
  pages = {1101--1124},
  copyright = {http://onlinelibrary.wiley.com/termsAndConditions\#vor},
  langid = {english}
}

@article{dubacqThermodynamicsOrderingMixing2022,
  title = {Thermodynamics of Ordering and Mixing in Plagioclase Feldspars: Atomistic Modelling in Favour of {{Landau}} Theory},
  shorttitle = {Thermodynamics of Ordering and Mixing in Plagioclase Feldspars},
  author = {Dubacq, Beno{\^i}t},
  year = {2022},
  journal = {Contributions to Mineralogy and Petrology},
  volume = {177},
  number = {10},
  pages = {102},
  langid = {english}
}

@article{fontorbeSiliconIsotopicComposition2013,
  title = {The Silicon Isotopic Composition of the {{Ganges}} and Its Tributaries},
  author = {Fontorbe, Guillaume and De La Rocha, Christina L. and Chapman, Hazel J. and Bickle, Michael J.},
  year = {2013},
  journal = {Earth and Planetary Science Letters},
  volume = {381},
  pages = {21--30},
  langid = {english}
}

@article{gaillardetGlobalSilicateWeathering1999,
  title = {Global Silicate Weathering and {{CO2}} Consumption Rates Deduced from the Chemistry of Large Rivers},
  author = {Gaillardet, J. and Dupr{\'e}, B. and Louvat, P. and All{\`e}gre, C.J.},
  year = {1999},
  journal = {Chemical Geology},
  volume = {159},
  number = {1-4},
  pages = {3--30},
  copyright = {https://www.elsevier.com/tdm/userlicense/1.0/},
  langid = {english}
}

@article{galyStrontiumIsotopicBudget1999,
  title = {The Strontium Isotopic Budget of {{Himalayan}} Rivers in {{Nepal}} and {{Bangladesh}}},
  author = {Galy, Albert and {France-Lanord}, Christian and Derry, Louis A},
  year = {1999},
  journal = {Geochimica et Cosmochimica Acta},
  volume = {63},
  number = {13-14},
  pages = {1905--1925},
  langid = {english}
}

@article{galyStrontiumIsotopicBudget1999a,
  title = {The Strontium Isotopic Budget of {{Himalayan}} Rivers in {{Nepal}} and {{Bangladesh}}},
  author = {Galy, Albert and {France-Lanord}, Christian and Derry, Louis A},
  year = {1999},
  journal = {Geochimica et Cosmochimica Acta},
  volume = {63},
  number = {13-14},
  pages = {1905--1925},
  langid = {english}
}

@article{georgSiliconIsotopeVariations2007,
  title = {Silicon Isotope Variations Accompanying Basalt Weathering in {{Iceland}}},
  author = {Georg, R.B. and Reynolds, B.C. and West, A.J. and Burton, K.W. and Halliday, A.N.},
  year = {2007},
  journal = {Earth and Planetary Science Letters},
  volume = {261},
  number = {3-4},
  pages = {476--490},
  copyright = {https://www.elsevier.com/tdm/userlicense/1.0/},
  langid = {english}
}

@article{georgSiliconIsotopeVariations2007a,
  title = {Silicon Isotope Variations Accompanying Basalt Weathering in {{Iceland}}},
  author = {Georg, R.B. and Reynolds, B.C. and West, A.J. and Burton, K.W. and Halliday, A.N.},
  year = {2007},
  journal = {Earth and Planetary Science Letters},
  volume = {261},
  number = {3-4},
  pages = {476--490},
  copyright = {https://www.elsevier.com/tdm/userlicense/1.0/},
  langid = {english}
}

@article{gollaEvolutionLithiumIsotope2021,
  title = {The Evolution of Lithium Isotope Signatures in Fluids Draining Actively Weathering Hillslopes},
  author = {Golla, Jon K. and Kuessner, Marie L. and Henehan, Michael J. and Bouchez, Julien and Rempe, Daniella M. and Druhan, Jennifer L.},
  year = {2021},
  journal = {Earth and Planetary Science Letters},
  volume = {567},
  pages = {116988},
  langid = {english}
}

@article{goodfellowChemicalMechanicalHydrological2016,
  title = {The Chemical, Mechanical, and Hydrological Evolution of Weathering Granitoid},
  author = {Goodfellow, Bradley W. and Hilley, George E. and Webb, Samuel M. and Sklar, Leonard S. and Moon, Seulgi and Olson, Christopher A.},
  year = {2016},
  journal = {Journal of Geophysical Research: Earth Surface},
  volume = {121},
  number = {8},
  pages = {1410--1435},
  copyright = {http://onlinelibrary.wiley.com/termsAndConditions\#vor},
  langid = {english}
}

@article{gran1952,
author ="Gran, Gunnar",
title  ="Determination of the equivalence point in potentiometric titrations. Part II",
journal  ="Analyst",
year  ="1952",
volume  ="77",
issue  ="920",
pages  ="661-671",
publisher  ="The Royal Society of Chemistry",
doi  ="10.1039/AN9527700661",
url  ="http://dx.doi.org/10.1039/AN9527700661",
abstract  =""}


@article{shand1999,
  title = {The application of Strontium isotopes to catchment studies: The Plynlimon upland catchment of Central Wales},
  author = {Shand, P. and Darbyshire, D. P. F. and Gooddy, D. C.},
  year = {1999},
  journal = {British Geological Survey},
}

@misc{asterGlobalDigitalElevation2018,
  title = {ASTER Global Digital Elevation Model V003},
  author = {{NASA Space Systems}},
  year = {2018},
  publisher = {{NASA EOSDIS Land Processes DAAC}},
  url = {https://doi.org/10.5067/ASTER/ASTGTM.003}
}


@book{barryAtmosphereWeatherClimate2009,
  title = {Atmosphere, Weather and Climate},
  author = {Barry, R. G. and Chorley, R. J.},
  year = {2009},
  edition = {1st},
  publisher = {Routledge},
  url = {https://doi.org/10.4324/9780203871027}
}


@misc{grafGeomorphologicalHydrologicalControls2023,
  title = {Geomorphological and Hydrological Controls on Sediment Export in Earthquake-Affected Catchments in the {{Nepal Himalaya}}},
  author = {Graf, Emma L. S. and Sinclair, Hugh D. and Attal, Mika{\"e}l and Gailleton, Boris and Adhikari, Basanta Raj and Baral, Bishnu Raj},
  year = {2023},
  copyright = {https://creativecommons.org/licenses/by/4.0/},
  langid = {english}
}

@article{hareContinentalscaleAnalysisShallow2021,
  title = {Continental-Scale Analysis of Shallow and Deep Groundwater Contributions to Streams},
  author = {Hare, Danielle K. and Helton, Ashley M. and Johnson, Zachary C. and Lane, John W. and Briggs, Martin A.},
  year = {2021},
  journal = {Nature Communications},
  volume = {12},
  number = {1},
  pages = {1450},
  langid = {english}
}

@article{hilleOrographicInfluenceStorm,
  title = {The Orographic Influence on Storm Variability, Extreme Rainfall Characteristics and Rainfall-Triggered Landsliding in the Central {{Nepalese Himalaya}}},
  author = {Hille, Madeline M},
  langid = {english}
}

@article{hollandImprovedExtendedInternally2011,
  title = {An Improved and Extended Internally Consistent Thermodynamic Dataset for Phases of Petrological Interest, Involving a New Equation of State for Solids: {{THERMODYNAMIC DATASET FOR PHASES OF PETROLOGICAL INTEREST}}},
  shorttitle = {An Improved and Extended Internally Consistent Thermodynamic Dataset for Phases of Petrological Interest, Involving a New Equation of State for Solids},
  author = {Holland, T. J. B. and Powell, R.},
  year = {2011},
  journal = {Journal of Metamorphic Geology},
  volume = {29},
  number = {3},
  pages = {333--383},
  copyright = {http://doi.wiley.com/10.1002/tdm\_license\_1.1},
  langid = {english}
}

@article{illienSubsurfaceMoistureRegulates2021,
  title = {Subsurface {{Moisture Regulates Himalayan Groundwater Storage}} and {{Discharge}}},
  author = {Illien, L. and Andermann, C. and Sens-Sch{\"o}nfelder, C. and Cook, K. L. and Baidya, K. P. and Adhikari, L. B. and Hovius, N.},
  year = {2021},
  journal = {AGU Advances},
  volume = {2},
  number = {2},
  pages = {e2021AV000398},
  langid = {english}
}

@article{jacksonChemicalDifferentiationCold2018,
  title = {Chemical Differentiation, Cold Storage and Remobilization of Magma in the {{Earth}}'s Crust},
  author = {Jackson, M. D. and Blundy, J. and Sparks, R. S. J.},
  year = {2018},
  journal = {Nature},
  volume = {564},
  number = {7736},
  pages = {405--409},
  langid = {english}
}

@article{jasechkoGlobalIsotopeHydrogeology2019,
  title = {Global {{Isotope Hydrogeology}}\rule{1em}{1pt}{{Review}}},
  author = {Jasechko, Scott},
  year = {2019},
  journal = {Reviews of Geophysics},
  volume = {57},
  number = {3},
  pages = {835--965},
  langid = {english}
}

@article{jasechkoPartitioningYoungOld2016,
  title = {Partitioning Young and Old Groundwater with Geochemical Tracers},
  author = {Jasechko, Scott},
  year = {2016},
  journal = {Chemical Geology},
  volume = {427},
  pages = {35--42},
  langid = {english}
}

@article{joshuawestSmallcatchmentPerspectiveHimalayan2002,
  title = {Small-Catchment Perspective on {{Himalayan}} Weathering Fluxes},
  author = {Joshua West, A. and Bickle, Mike J. and Collins, Rob and Brasington, James},
  year = {2002},
  journal = {Geology},
  volume = {30},
  number = {4},
  pages = {355},
  langid = {english}
}

@incollection{garrelsOriginChemicalComposition1967,
  title = {Origin of the Chemical Composition of Some Springs and Lakes},
  author = {Garrels, R. M. and Mackenzie, F. T.},
  booktitle = {Equilibrium Concepts in Natural Water Systems},
  editor = {Stumm, W.},
  chapter = {10},
  year = {1967},
  publisher = {American Chemical Society},
  address = {Washington DC},
  pages = {222--242},
  url = {http://dx.doi.org/10.1021/ba-1967-0067.ch010}
}




@book{dreverGeochemistryNaturalWaters1997,
  title = {The Geochemistry of Natural Waters: Surface and Groundwater Environments},
  author = {Drever, James I.},
  year = {1997},
  edition = {3rd},
  publisher = {Pearson},
  address = {Upper Saddle River, NJ},
  langid = {english}
}

@article{kadRecentTangibleNatural2023,
  title = {Recent {{Tangible Natural Variability}} of {{Monsoonal Orographic Rainfall}} in the {{Eastern Himalayas}}},
  author = {Kad, Pratik and Ha, Kyung-Ja},
  year = {2023},
  journal = {Journal of Geophysical Research: Atmospheres},
  volume = {128},
  number = {22},
  pages = {e2023JD038759},
  langid = {english}
}

@article{kampmanFeldsparDissolutionKinetics2009,
  title = {Feldspar Dissolution Kinetics and {{Gibbs}} Free Energy Dependence in a {{CO2-enriched}} Groundwater System, {{Green River}}, {{Utah}}},
  author = {Kampman, Niko and Bickle, Mike and Becker, John and Assayag, Nelly and Chapman, Hazel},
  year = {2009},
  journal = {Earth and Planetary Science Letters},
  volume = {284},
  number = {3-4},
  pages = {473--488},
  langid = {english}
}

@article{kattelTemperatureLapseRate2013,
  title = {Temperature Lapse Rate in Complex Mountain Terrain on the Southern Slope of the Central {{Himalayas}}},
  author = {Kattel, D. B. and Yao, T. and Yang, K. and Tian, L. and Yang, G. and Joswiak, D.},
  year = {2013},
  journal = {Theoretical and Applied Climatology},
  volume = {113},
  number = {3-4},
  pages = {671--682},
  copyright = {http://www.springer.com/tdm},
  langid = {english}
}

@article{kisakurekLiD7LiHimalayan2005,
  title = {Li and {{$\delta$7Li}} in {{Himalayan}} Rivers: {{Proxies}} for Silicate Weathering?},
  shorttitle = {Li and {{$\delta$7Li}} in {{Himalayan}} Rivers},
  author = {K{\i}sak{\H u}rek, Ba{\c s}ak and James, Rachael H. and Harris, Nigel B.W.},
  year = {2005},
  journal = {Earth and Planetary Science Letters},
  volume = {237},
  number = {3-4},
  pages = {387--401},
  copyright = {https://www.elsevier.com/tdm/userlicense/1.0/},
  langid = {english}
}

@article{knappNewWaterFractions2019,
  title = {New Water Fractions and Transit Time Distributions at {{Plynlimon}}, {{Wales}}, Estimated from Stable Water Isotopes in Precipitation and Streamflow},
  author = {Knapp, Julia L. A. and Neal, Colin and Schlumpf, Alessandro and Neal, Margaret and Kirchner, James W.},
  year = {2019},
  journal = {Hydrology and Earth System Sciences},
  volume = {23},
  number = {10},
  pages = {4367--4388},
  copyright = {https://creativecommons.org/licenses/by/4.0/},
  langid = {english}
}

@article{knightImpactAdsorptionDesorption2024,
  title = {The Impact of Adsorption{\textendash}Desorption Reactions on the Chemistry of {{Himalayan}} Rivers and the Quantification of Silicate Weathering Rates},
  author = {Knight, Alasdair C.G. and Stevenson, Emily I. and Bridgestock, Luke and Jotautas Baronas, J. and Knapp, William J. and Adhikari, Basanta Raj and Andermann, Christoff and Tipper, Edward T.},
  year = {2024},
  journal = {Earth and Planetary Science Letters},
  volume = {641},
  pages = {118814},
  langid = {english}
}

@article{kumpChemicalWeatheringAtmospheric2000,
  title = {Chemical {{Weathering}}, {{Atmospheric CO}}{\textsubscript{2}} , and {{Climate}}},
  author = {Kump, Lee R. and Brantley, Susan L. and Arthur, Michael A.},
  year = {2000},
  journal = {Annual Review of Earth and Planetary Sciences},
  volume = {28},
  number = {1},
  pages = {611--667},
  langid = {english}
}

@article{maherDependenceChemicalWeathering2010,
  title = {The Dependence of Chemical Weathering Rates on Fluid Residence Time},
  author = {Maher, K.},
  year = {2010},
  journal = {Earth and Planetary Science Letters},
  volume = {294},
  number = {1-2},
  pages = {101--110},
  copyright = {https://www.elsevier.com/tdm/userlicense/1.0/},
  langid = {english}
}

@article{maherHydrologicRegulationChemical2014,
  title = {Hydrologic {{Regulation}} of {{Chemical Weathering}} and the {{Geologic Carbon Cycle}}},
  author = {Maher, K. and Chamberlain, C. P.},
  year = {2014},
  journal = {Science},
  volume = {343},
  number = {6178},
  pages = {1502--1504},
  langid = {english}
}

@article{maherHydrologicRegulationChemical2014a,
  title = {Hydrologic {{Regulation}} of {{Chemical Weathering}} and the {{Geologic Carbon Cycle}}},
  author = {Maher, K. and Chamberlain, C. P.},
  year = {2014},
  journal = {Science},
  volume = {343},
  number = {6178},
  pages = {1502--1504},
  langid = {english}
}

@article{maherRatesSilicateDissolution2004,
  title = {Rates of Silicate Dissolution in Deep-Sea Sediment: {{In}} Situ Measurement Using {{234U}}/{{238U}} of Pore Fluids},
  shorttitle = {Rates of Silicate Dissolution in Deep-Sea Sediment},
  author = {Maher, Katharine and DePaolo, Donald J. and Lin, Jo Chiu-Fang},
  year = {2004},
  journal = {Geochimica et Cosmochimica Acta},
  volume = {68},
  number = {22},
  pages = {4629--4648},
  copyright = {https://www.elsevier.com/tdm/userlicense/1.0/},
  langid = {english}
}

@article{maherRoleFluidResidence2011,
  title = {The Role of Fluid Residence Time and Topographic Scales in Determining Chemical Fluxes from Landscapes},
  author = {Maher, K.},
  year = {2011},
  journal = {Earth and Planetary Science Letters},
  volume = {312},
  number = {1-2},
  pages = {48--58},
  langid = {english}
}

@article{maherRoleReactionAffinity2009,
  title = {The Role of Reaction Affinity and Secondary Minerals in Regulating Chemical Weathering Rates at the {{Santa Cruz Soil Chronosequence}}, {{California}}},
  author = {Maher, Kate and Steefel, Carl I. and White, Art F. and Stonestrom, Dave A.},
  year = {2009},
  journal = {Geochimica et Cosmochimica Acta},
  volume = {73},
  number = {10},
  pages = {2804--2831},
  copyright = {https://www.elsevier.com/tdm/userlicense/1.0/},
  langid = {english}
}

@article{marcLongtermErosionNepal2019,
  title = {Long-Term Erosion of the {{Nepal Himalayas}} by Bedrock Landsliding: The Role of Monsoons, Earthquakes and Giant Landslides},
  shorttitle = {Long-Term Erosion of the {{Nepal Himalayas}} by Bedrock Landsliding},
  author = {Marc, Odin and Behling, Robert and Andermann, Christoff and Turowski, Jens M. and Illien, Luc and Roessner, Sigrid and Hovius, Niels},
  year = {2019},
  journal = {Earth Surface Dynamics},
  volume = {7},
  number = {1},
  pages = {107--128},
  copyright = {https://creativecommons.org/licenses/by/4.0/},
  langid = {english}
}

@article{mccallumLimitationsUseEnvironmental2015,
  title = {Limitations of the {{Use}} of {{Environmental Tracers}} to {{Infer Groundwater Age}}},
  author = {McCallum, James L. and Cook, Peter G. and Simmons, Craig T.},
  year = {2015},
  journal = {Groundwater},
  volume = {53},
  number = {S1},
  pages = {56--70},
  copyright = {http://onlinelibrary.wiley.com/termsAndConditions\#vor},
  langid = {english}
}

@article{mcguireRoleTopographyCatchment2005,
  title = {The Role of Topography on Catchment-scale Water Residence Time},
  author = {McGuire, K. J. and McDonnell, J. J. and Weiler, M. and Kendall, C. and McGlynn, B. L. and Welker, J. M. and Seibert, J.},
  year = {2005},
  journal = {Water Resources Research},
  volume = {41},
  number = {5},
  pages = {2004WR003657},
  copyright = {http://onlinelibrary.wiley.com/termsAndConditions\#vor},
  langid = {english}
}

@article{medwedeffSurfaceGeomechanicalProperties2022,
  title = {Near-{{Surface Geomechanical Properties}} and {{Weathering Characteristics Across}} a {{Tectonic}} and {{Climatic Gradient}} in the {{Central Nepal Himalaya}}},
  author = {Medwedeff, William G. and Clark, Marin K. and Zekkos, Dimitrios and West, A. Joshua and Chamlagain, Deepak},
  year = {2022},
  journal = {Journal of Geophysical Research: Earth Surface},
  volume = {127},
  number = {2},
  pages = {e2021JF006240},
  langid = {english}
}

@techreport{OpenFileReport2004,
  type = {Open-{{File Report}}},
  title = {Open-{{File Report}}},
  year = {2004},
  series = {Open-{{File Report}}},
  langid = {english}
}

@article{panthiSpatialTemporalVariability2015,
  title = {Spatial and {{Temporal Variability}} of {{Rainfall}} in the {{Gandaki River Basin}} of {{Nepal Himalaya}}},
  author = {Panthi, Jeeban and Dahal, Piyush and Shrestha, Madan and Aryal, Suman and Krakauer, Nir and Pradhanang, Soni and Lakhankar, Tarendra and Jha, Ajay and Sharma, Mohan and Karki, Ramchandra},
  year = {2015},
  journal = {Climate},
  volume = {3},
  number = {1},
  pages = {210--226},
  copyright = {https://creativecommons.org/licenses/by/4.0/},
  langid = {english}
}

@book{sharma1997,
  title = {A Treatise on Water Resources of Nepal},
  author = {Sharma, C.K.},
  year = {1997},
  pages = {493},
}


@article{pedrazasRelationshipTopographyBedrock2021,
  title = {The {{Relationship Between Topography}}, {{Bedrock Weathering}}, and {{Water Storage Across}} a {{Sequence}} of {{Ridges}} and {{Valleys}}},
  author = {Pedrazas, Michelle A. and Hahm, W. Jesse and Huang, Mong-Han and Dralle, David and Nelson, Mariel D. and Breunig, Rachel E. and Fauria, Kristen E. and Bryk, Alexander B. and Dietrich, William E. and Rempe, Daniella M.},
  year = {2021},
  journal = {Journal of Geophysical Research: Earth Surface},
  volume = {126},
  number = {4},
  pages = {e2020JF005848},
  langid = {english}
}

@article{quadeSilicateCarbonateWeathering2003,
  title = {Silicate versus Carbonate Weathering in the {{Himalaya}}: A Comparison of the {{Arun}} and {{Seti River}} Watersheds},
  shorttitle = {Silicate versus Carbonate Weathering in the {{Himalaya}}},
  author = {Quade, Jay and English, Nathan and DeCelles, Peter G},
  year = {2003},
  journal = {Chemical Geology},
  volume = {202},
  number = {3-4},
  pages = {275--296},
  copyright = {https://www.elsevier.com/tdm/userlicense/1.0/},
  langid = {english}
}

@article{raymoTectonicForcingLate1992,
  title = {Tectonic Forcing of Late {{Cenozoic}} Climate},
  author = {Raymo, M. E. and Ruddiman, W. F.},
  year = {1992},
  journal = {Nature},
  volume = {359},
  number = {6391},
  pages = {117--122},
  copyright = {http://www.springer.com/tdm},
  langid = {english}
}

@article{robackSizeDistributionMobility2018,
  title = {The Size, Distribution, and Mobility of Landslides Caused by the 2015 {{Mw7}}.8 {{Gorkha}} Earthquake, {{Nepal}}},
  author = {Roback, Kevin and Clark, Marin K. and West, A. Joshua and Zekkos, Dimitrios and Li, Gen and Gallen, Sean F. and Chamlagain, Deepak and Godt, Jonathan W.},
  year = {2018},
  journal = {Geomorphology},
  volume = {301},
  pages = {121--138},
  langid = {english}
}

@misc{soler-sagarraWaterMixingApproach2020,
  title = {Water {{Mixing Approach}} ({{WMA}}) for Reactive Transport Modeling},
  author = {{Soler-Sagarra}, Joaquim and Saaltink, Maarten W. and De Gaspari, Francesca and Nardi, Albert and Carrera, Jes{\'u}s},
  year = {2020},
  langid = {english}
}

@article{sprengerDemographicsWaterReview2019,
  title = {The {{Demographics}} of {{Water}}: {{A Review}} of {{Water Ages}} in the {{Critical Zone}}},
  shorttitle = {The {{Demographics}} of {{Water}}},
  author = {Sprenger, Matthias and Stumpp, Christine and Weiler, Markus and Aeschbach, Werner and Allen, Scott T. and Benettin, Paolo and Dubbert, Maren and Hartmann, Andreas and Hrachowitz, Markus and Kirchner, James W. and McDonnell, Jeffrey J. and Orlowski, Natalie and Penna, Daniele and Pfahl, Stephan and Rinderer, Michael and Rodriguez, Nicolas and Schmidt, Maximilian and Werner, Christiane},
  year = {2019},
  journal = {Reviews of Geophysics},
  volume = {57},
  number = {3},
  pages = {800--834},
  langid = {english}
}

@article{stallardGeochemistryAmazonInfluence1983,
  title = {Geochemistry of the {{Amazon}}: 2. {{The}} Influence of Geology and Weathering Environment on the Dissolved Load},
  shorttitle = {Geochemistry of the {{Amazon}}},
  author = {Stallard, R. F. and Edmond, J. M.},
  year = {1983},
  journal = {Journal of Geophysical Research: Oceans},
  volume = {88},
  number = {C14},
  pages = {9671--9688},
  copyright = {http://onlinelibrary.wiley.com/termsAndConditions\#vor},
  langid = {english}
}

@book{strandmannLithiumIsotopesTracer2021,
  title = {Lithium {{Isotopes}}: {{A Tracer}} of {{Past}} and {{Present Silicate Weathering}}},
  shorttitle = {Lithium {{Isotopes}}},
  author = {Strandmann, Philip A. E. Pogge Von and Dellinger, Mathieu and West, A. Joshua},
  year = {2021},
  edition = {1},
  publisher = {{Cambridge University Press}},
  copyright = {https://www.cambridge.org/core/terms},
  isbn = {978-1-108-99075-2 978-1-108-96496-8},
  langid = {english}
}

@article{thirosConstrainingBedrockGroundwater2023,
  title = {Constraining {{Bedrock Groundwater Residence Times}} in a {{Mountain System With Environmental Tracer Observations}} and {{Bayesian Uncertainty Quantification}}},
  author = {Thiros, Nicholas E. and Siirila-Woodburn, Erica R. and Dennedy-Frank, P. James and Williams, Kenneth H. and Gardner, W. Payton},
  year = {2023},
  journal = {Water Resources Research},
  volume = {59},
  number = {2},
  pages = {e2022WR033282},
  langid = {english}
}

@article{tipperIsotopicFingerprintCalcium,
  title = {The Isotopic Fingerprint of Calcium and Magnesium: From the Alteration of the Continental Crust to Global Budgets},
  author = {Tipper, Edward T},
  langid = {english}
}

@article{tipperShortTermClimatic2006,
  title = {The Short Term Climatic Sensitivity of Carbonate and Silicate Weathering Fluxes: {{Insight}} from Seasonal Variations in River Chemistry},
  shorttitle = {The Short Term Climatic Sensitivity of Carbonate and Silicate Weathering Fluxes},
  author = {Tipper, Edward T. and Bickle, Mike J. and Galy, Albert and West, A. Joshua and Pomi{\`e}s, Catherine and Chapman, Hazel J.},
  year = {2006},
  journal = {Geochimica et Cosmochimica Acta},
  volume = {70},
  number = {11},
  pages = {2737--2754},
  copyright = {https://www.elsevier.com/tdm/userlicense/1.0/},
  langid = {english}
}

@article{wenAltitudeEffect18O2012,
  title = {The Altitude Effect of {$\delta$} {{18O}} in Precipitation and River Water in the {{Southern Himalayas}}},
  author = {Wen, Rong and Tian, LiDe and Weng, YongBiao and Liu, ZhongFang and Zhao, ZhongPing},
  year = {2012},
  journal = {Chinese Science Bulletin},
  volume = {57},
  number = {14},
  pages = {1693--1698},
  copyright = {http://creativecommons.org/licenses/by/2.0},
  langid = {english}
}

@article{westHighNaturalErosion2015,
  title = {High Natural Erosion Rates Are the Backdrop for Present-Day Soil Erosion in the Agricultural {{Middle Hills}} of {{Nepal}}},
  author = {West, A. J. and Arnold, M. and Auma{\^I}tre, G. and Bourl{\`e}s, D. L. and Keddadouche, K. and Bickle, M. and Ojha, T.},
  year = {2015},
  journal = {Earth Surface Dynamics},
  volume = {3},
  number = {3},
  pages = {363--387},
  copyright = {https://creativecommons.org/licenses/by/3.0/},
  langid = {english}
}

@article{westTectonicClimaticControls2005,
  title = {Tectonic and Climatic Controls on Silicate Weathering},
  author = {West, A and Galy, A and Bickle, M},
  year = {2005},
  journal = {Earth and Planetary Science Letters},
  volume = {235},
  number = {1-2},
  pages = {211--228},
  copyright = {https://www.elsevier.com/tdm/userlicense/1.0/},
  langid = {english}
}

@article{whiteChemicalWeatheringRates1996,
  title = {Chemical Weathering Rates of a Soil Chronosequence on Granitic Alluvium: {{I}}. {{Quantification}} of Mineralogical and Surface Area Changes and Calculation of Primary Silicate Reaction Rates},
  shorttitle = {Chemical Weathering Rates of a Soil Chronosequence on Granitic Alluvium},
  author = {White, Art F. and Blum, Alex E. and Schulz, Marjorie S. and Bullen, Tom D. and Harden, Jennifer W. and Peterson, Maria L.},
  year = {1996},
  journal = {Geochimica et Cosmochimica Acta},
  volume = {60},
  number = {14},
  pages = {2533--2550},
  copyright = {https://www.elsevier.com/tdm/userlicense/1.0/},
  langid = {english}
}

@article{whiteEffectTimeWeathering2003,
  title = {The Effect of Time on the Weathering of Silicate Minerals: Why Do Weathering Rates Differ in the Laboratory and Field?},
  shorttitle = {The Effect of Time on the Weathering of Silicate Minerals},
  author = {White, Art F and Brantley, Susan L},
  year = {2003},
  journal = {Chemical Geology},
  volume = {202},
  number = {3-4},
  pages = {479--506},
  copyright = {https://www.elsevier.com/tdm/userlicense/1.0/},
  langid = {english}
}

@article{wojtowiczThermodynamicBasisSaturation,
  title = {The {{Thermodynamic Basis}} of the {{Saturation Index}}},
  author = {Wojtowicz, John A},
  langid = {english}
}

@article{xuCanWaterVapor2022,
  title = {Can {{Water Vapor Transport}} over the {{Himalayas}} above 8000 m Asl?{\textemdash}{{A Case Study}} on {{Mt}}. {{Everest}}},
  shorttitle = {Can {{Water Vapor Transport}} over the {{Himalayas}} above 8000 m Asl?},
  author = {Xu, Bing and Xie, Aihong and Zhu, Jiangping},
  year = {2022},
  journal = {Water},
  volume = {14},
  number = {11},
  pages = {1671},
  copyright = {https://creativecommons.org/licenses/by/4.0/},
  langid = {english}
}
